%% Created using Papers on Fri, 24 Jul 2015.
%% http://papersapp.com/papers/

@article{Baird:2010tu,
author = {Baird, Kristen E and Funk, Vicki A and Wen, Jun and Week, Andrea},
title = {{Molecular phylogenetic analysis of \emph{Leibnitzia} Cass. (Asteraceae: Mutisieae:\emph{Gerbera}-complex), an Asian-North American disjunct genus}},
journal = {Journal of Systematics and Evolution},
year = {2010},
volume = {48},
number = {3},
pages = {161--174}
}

@article{Brummitt:2002cc,
author = {Brummitt, Richard K},
title = {{Report of the Committee for Spermatophyta: 53}},
journal = {Taxon},
year = {2002},
volume = {51},
number = {4},
pages = {795},
month = nov
}

@article{Campbell:2007js,
author = {Campbell, C S and Evans, R C and Morgan, D R and Dickinson, T A and Arsenault, M P},
title = {{Phylogeny of subtribe Pyrinae (formerly the Maloideae, Rosaceae): Limited resolution of a complex evolutionary history}},
journal = {Plant Systematics and Evolution},
year = {2007},
volume = {266},
number = {1-2},
pages = {119--145},
annote = {203ZCTimes Cited:18Cited References Count:74}
}

@article{Chang:2005vm,
author = {Chang, Ching-En},
title = {{A review on the study of Lauraceae of Taiwan}},
journal = {Quaterly Journal of Chinese Forestry},
year = {2005},
volume = {38},
number = {4},
pages = {133--145}
}

@article{Chang:2011wz,
author = {Chang, H M and Lu, P F and Hsu, T C and Chiou, W L},
title = {{\emph{Selaginella devolii }(Selaginellaceae), a new species from Taiwan}},
journal = {Blumea},
year = {2011},
volume = {56},
pages = {21--23}
}

@article{Chang:2009tt,
author = {Chang, Ho-Ming and Chen, Jinn-Fen and Lu, Pi-Fong and Moore, Shann-Jye and Wang, Jenn-Che and Chiou, Wen-Liang},
title = {{Supplements to the Lycophytes in Taiwan (I): a newly recorded species \emph{Selaginella lutchuensis} Koidz. (Selaginellaceae)}},
journal = {Taiwania},
year = {2009},
volume = {54},
number = {1},
pages = {88--92}
}

@article{Chang:2007vg,
author = {Chang, Ho-Ming and Chiang, Ho-Long and Lu, Pi-Fong and Wang, Jenn-Che and Chiou, Wen-Liang},
title = {{Supplements to the Pteridophyte in Taiwan (III): a newly recorded species \emph{Dryopteris championii }(Benth.) C. Chr. \emph{ex} Ching (Dryopteridaceae)}},
journal = {Taiwania},
year = {2007},
volume = {52},
number = {3},
pages = {238--242}
}

@article{Chang:2006uo,
author = {Chang, Ho-Ming and Moore, Shann-Jye and Chiou, Wen-Liang and Wang, Jenn-Che},
title = {{Supplements to the pteridophytes in Taiwan (II): a newly recorded species \emph{Diplazium crassiusculum} Ching (Athyriaceae)}},
journal = {Taiwania},
year = {2006},
volume = {51},
number = {4},
pages = {287--292}
}

@article{Chang:2011we,
author = {Chang, Kun-Cheng and Wang, Chiu-Mei and Deng, Shu-Lin and Wang, Chih-Chiang},
title = {{A new species \emph{Cotoneaster chingshuiensis} (Rosaceae) from Taiwan}},
journal = {Taiwania},
year = {2011},
volume = {56},
number = {2},
pages = {125--131}
}

@article{Chang:2011tc,
author = {Chang, Kun-Cheng and Wang, Chih-Chiang and Deng, Shu-Lin and Kono, Yoshiko and Lu, Fu-Yuan and Peng, Ching-I},
title = {{\emph{Cotoneaster rosiflorus} (Rosaceae), a new species from Taiwan}},
journal = {Botanical Studies},
year = {2011},
volume = {52},
number = {2},
pages = {211--218}
}

@article{Chang:2009uc,
author = {Chang, Kun-Cheng and Lai, Kwo-Shang and Lu, Fu-Yuan and Wang, Chih-Chiang},
title = {{Corrections in \emph{Cotoneaster} (Rosaceae) in Taiwan}},
journal = {Taiwan Journal of Forest Science},
year = {2009},
volume = {24},
number = {1},
pages = {69--74}
}

@article{Chang:2008tk,
author = {Chang, Kun-Cheng and Tseng, Yen-Hsueh and Wang, Chih-Chiang and Deng, Shu-Lin and Wang, Chiu-Mei},
title = {{Notes on \emph{Neanotis} (Rubiaceae) in Taiwan}},
journal = {Taiwan Journal of Forest Science},
year = {2008},
volume = {23},
number = {3},
pages = {271--277}
}

@article{Chang:2014vz,
author = {Chang, Yi-Han and Chiou, Wen-Liang and Huang, Yao-Moan and Shen, Buo-Neng and Lin, Chien-Yu and Hsu, Tian-Chuan},
title = {{New additions to the fern flora of Taiwan (2)}},
journal = {Taiwan Journal of Biodiversity},
year = {2014},
volume = {16},
number = {3},
pages = {263--272}
}

@article{Chang:2012tl,
author = {Chang, Yi-Han and Hu, Ai-Qun and Chang, Li-Wan and Chang, Ho-Ming},
title = {{Supplements to the Monilophyte in Taiwan (IV): a newly recorded species \emph{Arachniodes chinensis} (Rosenst.) Ching (Dryopteridaceae)}},
journal = {Taiwan Journal of Biodiversity},
year = {2012},
volume = {14},
number = {1-2},
pages = {75--80}
}

@article{Chang:2012wx,
author = {Chang, Yi-Han and Wu, Wei-Hsiu and Chen, Cheng-Wei and Lu, Pi-Fong and Huang, Yao-Moan},
title = {{Two taxa of ferns newly recorded to Taiwan}},
journal = {Taiwan Journal of Biodiversity},
year = {2012},
volume = {14},
number = {3-4},
pages = {81--90}
}

@article{Chao:2014wa,
author = {Chao, Chien-Ti and Huang, Yu-Lan and Liu, Si-Qian and Tseng, Yen-Hsueh},
title = {{\emph{Gibasis pellucida} (Martens {\&} Galeotti) D.R. Hunt (Commelinaceae), a newly naturalized plant in Taiwan}},
journal = {Quarterly Journal of Forest Research},
year = {2014},
volume = {36},
number = {2},
pages = {77--84}
}

@article{Chao:2013vt,
author = {Chao, Chien-Ti and Tseng, Yen-Hsueh and Tseng, Hsy-Yu},
title = {{\emph{Heteropolygonatum altelobatum} (Asparagaceae),comb. nova}},
journal = {Annales Botanici Fennici},
year = {2013},
volume = {50},
pages = {91--94}
}

@article{Chao:2012tc,
author = {Chao, Chien-Ti and Tzeng, Hsy-Yu and Tseng, Yen-Hsueh},
title = {{\emph{Maianthemum harae} (Asparagaceae), a new species from Taiwan}},
journal = {Annales Botanici Fennici},
year = {2012}
}

@article{Chao:2010wj,
author = {Chao, Chien-Ti and Hung, Yu-Jung and Tseng, Yen-Hsueh},
title = {{\emph{Cynanchum} \emph{mooreanum} Hemsl. (Asclepiadaceae), a new recorded species in Taiwan}},
journal = {Taiwania},
year = {2010},
volume = {55},
number = {3},
pages = {324--327}
}

@article{Chao:2010vo,
author = {Chao, Chien-Ti and Tseng, Yen-Hsueh},
title = {{The taxonomy of \emph{Maianthemum formosanum} (Hayata) La Frankie (Liliaceae)}},
journal = {Quaterly Journal of Forest Research},
year = {2010},
volume = {32},
number = {2},
pages = {7--14}
}

@article{Chao:2012ey,
author = {Chao, Y S and Dong, S Y and Chiang, Y C and Liu, H Y and Chiou, W L},
title = {{Extreme multiple reticulate origins of the \emph{Pteris cadieri} complex (Pteridaceae)}},
journal = {International Journal of Molecular Sciences},
year = {2012},
volume = {13},
number = {4},
pages = {4523--4544},
month = apr,
annote = {934OWTimes Cited:0Cited References Count:77}
}

@article{Chao:2014vp,
author = {Chao, Yi-Shan and Rouhan, Germinal and Amoroso, Victor B and Chiou, Wen-Liang},
title = {{Molecular phylogeny and biogeography of the fern genus \emph{Pteris} (Pteridaceae)}},
journal = {Annals of Botany},
year = {2014},
volume = {114},
number = {1},
pages = {109--124},
month = jul,
annote = {Am4ftTimes Cited:0Cited References Count:66}
}

@article{Chao:2013uu,
author = {Chao, Yi-Shan and Ebihara, A and Chang, Yi-Han and Jiang, Ri-Hong and Ngan, Lu Thi and Chiou, Wen-Liang},
title = {{New distribution of \emph{Pteris} \emph{kawabatae} Sa. Kurata and re-circumscription of \emph{Pteris} \emph{arisanensis} Tagawa}},
journal = {Taiwania},
year = {2013},
volume = {58},
number = {4},
pages = {305--310}
}

@article{Chase:2009ft,
author = {Chase, Mark W and REVEAL, JAMES L},
title = {{A phylogenetic classification of the land plants to accompany APG III}},
journal = {Botanical Journal of the Linnean Society},
year = {2009},
volume = {161},
number = {2},
pages = {122--127},
month = oct
}

@article{Chen:2009vu,
author = {Chen, C H and Veldkamp, J F and Kuoh, C S and Tsai, C C and Chiang, Y C},
title = {{Segregation of \emph{Leptatherum} from \emph{Microstegium }(Andropogoneae, Poaceae) confirmed by internal transcribed spacer DNA sequences}},
journal = {Blumea},
year = {2009},
volume = {54},
pages = {175--180}
}

@article{Chen:2006vr,
author = {Chen, C H and Wang, J C and Chang, Y C},
title = {{\emph{Tripterospermum lilungshanensis }(Gentianaceae), a new species in Taiwan}},
journal = {Botanical Studies},
year = {2006},
volume = {47},
number = {2},
pages = {199--205},
month = apr,
annote = {057QTTimes Cited:4Cited References Count:19}
}

@article{Chen:2001tp,
author = {Chen, C H and Wang, J C},
title = {{Revision of the genus \emph{Oreomyrrhis} Endl. (Apiaceae) in Taiwan}},
journal = {Botanical Bulletin of Academia Sinica},
year = {2001},
volume = {42},
number = {4},
pages = {303--312},
month = oct,
annote = {489RFTimes Cited:2Cited References Count:12}
}

@article{Chen:2013vp,
author = {Chen, Cheng-Wei and Huang, Yao-Moan and Kuo, Li-Yuan and Chang, Yih-Han and Liu, Yea-Chen and Chiou, Wen-Liang},
title = {{A new vittarioid fern species, \emph{Haplopteris heterophylla }(Pteridaceae)}},
journal = {Systematic Botany},
year = {2013},
volume = {38},
number = {4},
pages = {901--909},
month = Oct-Dec,
annote = {285SSTimes Cited:1Cited References Count:32}
}

@article{Chen:2015ti,
author = {Chen, Chih-Hsiung and Wang, Chiu-Mei},
title = {{\emph{Antirrhinum orontium} L. (Scrophulariaceae), a newly naturalized genus and species in Taiwan}},
journal = {Collection and Research},
year = {2015},
pages = {1--5},
month = jul
}

@article{Chen:2009ut,
author = {Chen, Chih-Hsiung and Wang, Chiu-Mei},
title = {{\emph{Melampyrum roseum} Maxim. (Scrophulariaceae), a newly recorded genus and species in Taiwan}},
journal = {Taiwania},
year = {2009},
volume = {54},
number = {2},
pages = {183--186}
}

@article{Chen:2008uz,
author = {Chen, Chih-Hsiung and Chen, Chien-Fan and Yang, Sheng-Zehn},
title = {{\emph{Swertia changii} (Gentianaceae), a new species from southern Taiwan}},
journal = {Botanical Studies},
year = {2008},
volume = {49},
pages = {155--160}
}

@article{Chen:2007vg,
author = {Chen, Chih-Hsiung and Wang, Chiu-Mei},
title = {{\emph{Geranium pusillum} L. (Geraniaceae): a newly naturalized plant in Taiwan}},
journal = {Taiwania},
year = {2007},
volume = {52},
number = {3},
pages = {270--275}
}

@article{Chen:2011jy,
author = {Chen, Chih-Hui and Veldkamp, Jan Frits and Kuoh, Chang-Sheng},
title = {{Supplements to the Genus \emph{Microstegium} Nees (Poaceae: Andropogoneae) of Taiwan}},
journal = {Taiwan Journal of Biodiversity},
year = {2011},
volume = {13},
number = {1},
pages = {85--91},
month = jan
}

@article{Chen:2011um,
author = {Chen, Chih-Hui and Veldkamp, Jan Frits and Kuoh, Chang-Sheng},
title = {{\emph{Microstegium} \emph{glabratum }(Brongn.) A. Camus (Poaceae, Andropogoneae), a new record for Japan, China, and Taiwan, based on morphological and molecular evidence}},
journal = {Taiwania},
year = {2011},
volume = {56},
number = {2},
pages = {111--117}
}

@article{Chen:2009uh,
author = {Chen, Chih-Hui and Huang, Jen-Pan and Tsai, Chi-Chu and Chaw, Shu-Miaw},
title = {{Phylogeny of \emph{Calocedrus} (Cupressaceae), an eastern Asian and western North American disjunct gymnosperm genus, inferred from nuclear ribosomal nrITS sequences}},
journal = {Botanical Studies},
year = {2009},
volume = {50},
number = {4},
pages = {425--433}
}

@article{Chen:2007to,
author = {Chen, Chih-Hui and Kuoh, Chang-Sheng},
title = {{\emph{Microstegium japonicum} (Miq.) Koidz. as a newly recorded grass to Taiwan}},
journal = {Endemic Species Research},
year = {2007},
volume = {9},
number = {2},
pages = {77--80}
}

@article{Chen:2006tw,
author = {Chen, Chih-Hui and Kuoh, Chang-Sheng},
title = {{\emph{Setaria sphacelata} (Schumach.) Moss \emph{ex} Stapf {\&} Hubb., a grass newly naturalized to Taiwan}},
journal = {Endemic Species Research},
year = {2006},
volume = {8},
number = {1},
pages = {83--86}
}

@article{Chen:2004uk,
author = {Chen, Chih-Hui and Kuoh, Chang-Sheng},
title = {{\emph{Cenchrus} \emph{ciliaris} L., a newly naturalized grass in Taiwan}},
journal = {Taiwania},
year = {2004},
volume = {49},
number = {4},
pages = {232--236}
}

@article{Chen:2010ws,
author = {Chen, J H and Sun, H and Wen, J and Yang, Y P},
title = {{Molecular phylogeny ofSalixL. (Salicaceae) inferred from three chloroplast datasets and its systematic implications}},
journal = {Taxon},
year = {2010},
volume = {59},
number = {1},
pages = {29--37},
month = feb,
annote = {555AETimes Cited:5Cited References Count:71}
}

@article{Chen:2011ta,
author = {Chen, Jao-Shien and Hsiao, Shu-Chuan},
title = {{Study on seed morphogenesis of Orobanchaceae in Taiwan}},
journal = {Taiwania},
year = {2011},
volume = {56},
number = {4},
pages = {267--278}
}

@article{Chen:2007vf,
author = {Chen, Je-Hung and Yeh, Ching-Long and Lee, Shu-Ying and Yeh, Chuan-Rong and Chiu, Tsan-Hsiu and Su, Ying-Yu},
title = {{\emph{Ensete glaucum}, a newly recorded genus and species of Musaceae from Southern Taiwan}},
journal = {Quaterly Journal of Forest Research},
year = {2007},
volume = {29},
number = {1},
pages = {13--20}
}

@article{Chen:2009tk,
author = {Chen, Jun-Qiu and Li, Lang and Li, Jie and Li, Hsi-Wen},
title = {{Bayesian inference of nrDNA ITS sequences fromMachilus(Lauraceae) and its systematic significance}},
journal = {Acta Botanica Yunnanica},
year = {2009},
volume = {31},
number = {2},
pages = {117--126}
}

@article{Chen:1999vs,
author = {Chen, Kuo-Chang and Chang, Nai-Hang},
title = {{A revision of the genus \emph{Neolistea} (Lauraceae) in Taiwan}},
journal = {Taiwan Journal of Forest Science},
year = {1999},
volume = {14},
number = {2},
pages = {141--163}
}

@article{Chen:2003vq,
author = {Chen, S H and Wu, M J},
title = {{Remarks on the species of \emph{Stachytarpheta} (Verbenaceae) of Taiwan}},
journal = {Botanical Bulletin of Academia Sinica},
year = {2003},
volume = {44},
number = {2},
pages = {167--174},
month = apr,
annote = {679THTimes Cited:0Cited References Count:18}
}

@article{Chen:2010el,
author = {Chen, S L and Chen, S Y and Wu, G L and Ren, J W and Qin, D H},
title = {{Molecular phylogeny and biogeography of the narrow endemic \emph{Coelonema} and affinitive \emph{Draba} (Brassicaceae) based on two DNA regions}},
journal = {Biochemical Systematics and Ecology},
year = {2010},
volume = {38},
number = {4},
pages = {796--805},
month = aug,
annote = {684RATimes Cited:0Cited References Count:78}
}

@article{Chen:2010uu,
author = {Chen, Shih-Huei and Su, Jian-Yu and Wu, Ming-Jou},
title = {{\emph{Hedyotis pinifolia} Wall. ex G. Don (Rubiaceae), a new record to the Flora of Taiwan}},
journal = {Taiwania},
year = {2010},
volume = {55},
number = {1},
pages = {86--89}
}

@article{Chen:2010wz,
author = {Chen, Shih-Huei and Chen, Shu-Yuan and Wu, Ming-Jou},
title = {{Rediscovery of \emph{Fimbristylis macassarensis }Steud. (Cyperaceae) in Taiwan}},
journal = {Taiwan Journal of Forest Science},
year = {2010},
volume = {25},
number = {22},
pages = {185--189}
}

@article{Chen:2009tc,
author = {Chen, Shih-Huei and Weng, Shu-Huei and Wu, Ming-Jou},
title = {{\emph{Cyperus surinamensis} Rottb., a newly naturalized sedge species in Taiwan}},
journal = {Taiwania},
year = {2009},
volume = {54},
number = {4},
pages = {399--402}
}

@article{Chen:2009wy,
author = {Chen, Shih-Huei and Su, Jian-Yu and Wu, Ming-Jou},
title = {{Notes on two newly naturalized plants in Taiwan:Evolvulus nummularius(L.) L. (Convolvulaceae) andAcalypha aristataKunth (Euphorbiaceae)}},
journal = {Taiwania},
year = {2009},
volume = {54},
number = {3},
pages = {273--278}
}

@article{Chen:2008vo,
author = {Chen, Shih-Huei and Weng, Shu-Huei and Wu, Ming-Jou},
title = {{The umbrella sedge in Taiwan}},
journal = {Taiwania},
year = {2008},
volume = {53},
number = {3},
pages = {311--315}
}

@article{Chen:2007tq,
author = {Chen, Shih-Huei and Wu, Ming-Jou},
title = {{A taxonomical study of the genus \emph{Boerhavia} (Nyctaginaceae) in Taiwan}},
journal = {Taiwania},
year = {2007},
volume = {52},
number = {4},
pages = {332--342}
}

@article{Chen:2007ur,
author = {Chen, Shih-Huei and Wu, Ming-Jou},
title = {{Notes on four newly naturalized plants in Taiwan}},
journal = {Taiwania},
year = {2007},
volume = {52},
number = {1},
pages = {59--69}
}

@article{Chen:2008tu,
author = {Chen, Tien-Tsai and Chou, Fu-Shan},
title = {{A new Taiwan species \emph{Veronicastrum} \emph{loshanense} (Scrophulariaceae)}},
journal = {Botanical Studies},
year = {2008},
volume = {49},
pages = {281--285}
}

@article{Chen:2012dx,
author = {Chen, Zhiduan and Ying, Junsheng and Lu, Anmin},
title = {{Disjunct distribution of seed plants between southwestern China and Taiwan Island of China}},
journal = {Chinese Bulletin of Botany},
year = {2012},
volume = {47},
number = {6},
pages = {551--570}
}

@article{Chiang:2011tw,
author = {Chiang, Po-Yi and Hsieh, Tsung-Hsin},
title = {{\emph{Thismia huangii} (Thismiaceae), a new species from Taiwan}},
journal = {Taiwania},
year = {2011},
volume = {56},
number = {2},
pages = {138--142}
}

@article{Chiou:2010vm,
author = {Chiou, C R and Song, G Z M and Chien, J H and Hsieh, Chang-Fu and Wang, J C and Chen, M Y and Liu, H Y and Yeh, C L and Hsia, Y J and Chen, T Y},
title = {{Altitudinal distribution patterns of plant species in Taiwan are mainly determined by the northeast monsoon rather than the heat retention mechanism of Massenerhebung}},
journal = {Botanical Studies},
year = {2010},
volume = {51},
number = {1},
pages = {89--97},
month = jan,
annote = {557RUTimes Cited:0Cited References Count:24}
}

@article{Chiu:2011ta,
author = {Chiu, Hui-Lung and Shii, Chou-Tou and Yang, T Y Aleck},
title = {{A new variety of \emph{Musa itinerans } (Musaceae) in Taiwan}},
journal = {Novon},
year = {2011},
volume = {21},
pages = {405--412}
}

@article{Chou:2006ve,
author = {Chou, Fu-Shan and Liao, Chun-Kuei and Yang, Chih-Kai},
title = {{\emph{Castanopsis chinensis }Hance (Fagaceae), a newly recorded plant in Taiwan}},
journal = {Taiwania},
year = {2006},
volume = {51},
number = {2},
pages = {148--151}
}

@article{Chou:2006wi,
author = {Chou, Fu-Shan and Yang, Chih-Kai and Liao, Chun-Kuei},
title = {{Taxonomic status of \emph{Ophiorrhiza michelloides} (Masam.) X. R. Lo (Rubiaceae) in Taiwan}},
journal = {Taiwania},
year = {2006},
volume = {51},
number = {2},
pages = {143--147}
}

@article{Christenhusz:2011wp,
author = {Christenhusz, M. J. M. and Schneider, H},
title = {{Corrections to \emph{Phytotaxa} 19: Linear sequence of lycophytes and ferns}},
journal = {Phytotaxa},
year = {2011},
volume = {28},
pages = {50--52}
}

@article{Christenhusz:2015fz,
author = {Christenhusz, Maarten J M and Vorontsova, Maria S and Fay, Michael F and Chase, Mark W},
title = {{Results from an online survey of family delimitation in angiosperms and ferns: recommendations to the Angiosperm Phylogeny Group for thorny problems in plant classification}},
journal = {Botanical Journal of the Linnean Society},
year = {2015},
volume = {178},
number = {4},
pages = {501--528},
month = aug
}

@article{Christenhusz:2014jm,
author = {Christenhusz, Maarten J M and Chase, Mark W},
title = {{Trends and concepts in fern classification}},
journal = {Annals of Botany},
year = {2014},
volume = {113},
number = {4},
pages = {571--594},
month = mar
}

@article{Christenhusz:2013wh,
author = {Christenhusz, Maarten J M},
title = {{Twins are not alone: a recircumscription of \emph{Linaea} (Caprifoliaceae)}},
journal = {Phytotaxa},
year = {2013},
volume = {125},
number = {1},
pages = {25--32},
month = aug,
annote = {219GXTimes Cited:0Cited References Count:66}
}

@article{Christenhusz:2011uw,
author = {Christenhusz, Maarten J M and Zhang, Xian-Chun and Schneider, Harald},
title = {{A linear sequence of extant families and genera of lycophytes and ferns}},
journal = {Phytotaxa},
year = {2011},
volume = {19},
pages = {7--54}
}

@article{Christenhusz:2011wm,
author = {Christenhusz, Maarten J M and REVEAL, JAMES L and FARJON, ALJOS and GARDNER, MARTIN F and Mill, Robert R and Chase, Mark W},
title = {{A new classification and linear sequence of extant gymnosperms}},
journal = {Phytotaxa},
year = {2011},
volume = {19},
pages = {55--70}
}

@article{Chung:2008vu,
author = {Chung, J D and Chien, C T and Nigh, G and Ying, C C},
title = {{Genetic variation in growth curve parameters of Konishii fir (\emph{Cunninghamia} \emph{lanceolata} (Lamb.) Hook. var. \emph{konishii})}},
journal = {Silvae Genetica},
year = {2008},
volume = {58},
number = {1-2},
pages = {1--10},
annote = {460ENTimes Cited:0Cited References Count:43}
}

@article{Chung:2004fh,
author = {Chung, J D and Lin, Tsan-Piao and Tan, Y C and Lin, M Y and Hwang, S Y},
title = {{Genetic diversity and biogeography of \emph{Cunninghamia konishii }(Cupressaceae), an island species in Taiwan: a comparison with \emph{Cunninghamia lanceolata}, a mainland species in China}},
journal = {Molecular Phylogenetics and Evolution},
year = {2004},
volume = {33},
number = {3},
pages = {791--801},
month = dec,
annote = {872KSTimes Cited:21Cited References Count:62}
}

@article{Chung:2009tk,
author = {Chung, K F and Ku, Shin-Ming and Kono, Yoshiko and Peng, C I},
title = {{\emph{Emilia praetermissa} Milne-Redh. (Asteraceae)－a misidentified alien species in northern Taiwan}},
journal = {Taiwania},
year = {2009},
volume = {54},
number = {4},
pages = {385--390}
}

@article{Chung:2007tn,
author = {Chung, K F},
title = {{Inclusion of the south pacific alpine genus \emph{Oreomyrrhis} (Apiaceae) in \emph{Chaerophyllum} based on nuclear and chloroplast DNA sequences}},
journal = {Systematic Botany},
year = {2007},
volume = {32},
number = {3},
pages = {671--681},
month = Jul-Sep,
annote = {206WHTimes Cited:0Cited References Count:50}
}

@article{Chung:2005vy,
author = {Chung, K F and Peng, C I and Downie, S R and Spalik, K and Schaal, B A},
title = {{Molecular systematics of the trans-Pacific alpine genus \emph{Oreomyrrhis} (Apiaceae): phylogenetic affinities and biogeographic implications}},
journal = {American Journal of Botany},
year = {2005},
volume = {92},
number = {12},
pages = {2054--2071},
month = dec,
annote = {990RUTimes Cited:6Cited References Count:117}
}

@article{Chung:2009vn,
author = {Chung, Kuo-Fang and Torke, Benjamin M and Wu, Kimberley},
title = {{Unearthing a forgotten legacy of 20th century floristics: the collection of Taiwanese plant specimens in the herbarium of the Academy of Natural Sciences (PH)}},
journal = {Taiwania},
year = {2009},
volume = {54},
number = {2},
pages = {159--167}
}

@article{Chung:2008vk,
author = {Chung, Kuo-Fang and Kono, Yoshiko and Wang, Chiu-Mei and Peng, Ching-I},
title = {{Notes on \emph{Acmella} (Asteraceae: Heliantheae) in Taiwan}},
journal = {Botanical Studies},
year = {2008},
volume = {49},
number = {1},
pages = {73--82}
}

@article{Chung:2010wr,
author = {Chung, S W and Hsu, T C and Peng, C I},
title = {{\emph{Phacellanthus} (Orobanchaceae), a newly recorded genus in Taiwan}},
journal = {Botanical Studies},
year = {2010},
volume = {51},
number = {4},
pages = {531--536},
month = oct,
annote = {687RBTimes Cited:0Cited References Count:12}
}

@article{Chung:2002wm,
author = {Chung, S W and Peng, C I},
title = {{\emph{Senecio kuanshanensis} (Asteraceae), a new species from southern Taiwan}},
journal = {Botanical Bulletin of Academia Sinica},
year = {2002},
volume = {43},
number = {2},
pages = {155--159},
month = apr,
annote = {546ZPTimes Cited:0Cited References Count:18}
}

@article{Chung:2010vn,
author = {Chung, Shih-Wen and Hsu, Tian-Chuan and Jung, Ming-Jer and Hsiao, Shu-Chuan and Fang, Wei-U},
title = {{\emph{Lathraea purpurea} (Scrophulariaceae): a new generic record in Taiwan}},
journal = {Taiwan Journal of Forest Science},
year = {2010},
volume = {25},
number = {3},
pages = {265--269}
}

@article{Chung:2009ti,
author = {Chung, Shih-Wen and Hsu, Tian-Chuan},
title = {{Supplements to the orchid flora of Taiwan (II): a newly recorded species \emph{Goodyera} \emph{bomiensis} K. Y. Lang}},
journal = {Taiwania},
year = {2009},
volume = {54},
number = {2},
pages = {175--178}
}

@article{Chung:2008vh,
author = {Chung, Shih-Wen and Hsu, Tian-Chuan},
title = {{\emph{Corybas} \emph{himalaicus} (King {\&} Pantl.) Schltr. (Orchidaceae): a newly recorded species in Taiwan}},
journal = {Taiwan Journal of Forest Science},
year = {2008},
volume = {23},
number = {1},
pages = {99--103}
}

@article{Chung:2008wb,
author = {Chung, Shih-Wen and Madulid, Domingo A and Hsu, Tien-Chuan},
title = {{\emph{Portulaca psammotropha} Hance (Portulacaceae), a neglected species in the flora of Taiwan and the Philippines}},
journal = {Taiwania},
year = {2008},
volume = {53},
number = {1},
pages = {90--95}
}

@article{Chung:2007we,
author = {Chung, Shih-Wen and Hsu, Tien-Chuan and Chang, Yih-Han},
title = {{\emph{Acmella uliginosa} (Swartz) Cassini (Asteraceae): a newly naturalized plant in Taiwan}},
journal = {Taiwania},
year = {2007},
volume = {52},
number = {3},
pages = {276--279}
}

@article{Chung:2007tz,
author = {Chung, Shih-Wen and Lu, Sheng-You},
title = {{\emph{Dendrobium okinawense} Hatusima {\&} Ida (Orchidaceae): a newly recorded species in Taiwan}},
journal = {Taiwania},
year = {2007},
volume = {52},
number = {1},
pages = {106--112}
}

@article{Chung:2007vp,
author = {Chung, Shih-Wen and Yang, Chih-Kai},
title = {{\emph{Nicotiana plumbaginifolia} Viviani (Solanaceae) as a newly naturalized plant to Taiwan}},
journal = {Endemic Species Research},
year = {2007},
volume = {9},
number = {2},
pages = {81--84}
}

@article{Chung:2006td,
author = {Chung, Shih-Wen and Hsu, Tien-Chuan},
title = {{\emph{Bulbophyllum kuanwuensis} (Orchidaceae), a new species in Taiwan}},
journal = {Taiwania},
year = {2006},
volume = {51},
number = {2},
pages = {139--142}
}

@article{Chung:2006te,
author = {Chung, Shih-Wen and Hsu, Tien-Chuan},
title = {{\emph{Gastrodia shimizuana}, a newly recorded of \emph{Gastrodia} (Orchidaceae) in Taiwan}},
journal = {Taiwania},
year = {2006},
volume = {51},
number = {1},
pages = {50--52}
}

@article{Chung:2006ul,
author = {Chung, Shih-Wen and Hsu, Tien-Chuan and Yukawa, Tomohisa},
title = {{\emph{Saccolabiopsis taiwaniana }(Orchidaceae), a new species from the Taiwan}},
journal = {Quaterly Journal of Forest Research},
year = {2006},
volume = {28},
number = {3},
pages = {25--28}
}

@book{Clayton:1986wh,
author = {Clayton, W D and Renvoize, S A},
title = {{Genera graminum. Grasses of the World.}},
publisher = {Clarendon Press},
year = {1986},
series = {Kew Bulletin Additional},
address = {Oxford}
}
